<?xml version="1.0" encoding="UTF-8"?>
<record xmlns="http://www.loc.gov/MARC21/slim" xmlns:xsi="http://www.w3.org/2001/XMLSchema-instance" xsi:schemaLocation="http://www.loc.gov/MARC21/slim http://www.loc.gov/standards/marcxml/schema/MARC21slim.xsd">
<leader>00000cam a22      a 4500</leader>
<controlfield tag="001">002797220</controlfield>
<controlfield tag="003">NNU</controlfield>
<controlfield tag="005">20150415171415.0</controlfield>
<controlfield tag="008">831129s1952    ua       d    000 0 arard</controlfield>
<datafield tag="010" ind1=" " ind2=" ">
<subfield code="a">   82960223</subfield>
</datafield>
<datafield tag="035" ind1=" " ind2=" ">
<subfield code="a">(OCoLC)10168520</subfield>
<subfield code="z">(OCoLC)18172175</subfield>
<subfield code="z">(OCoLC)416447588</subfield>
</datafield>
<datafield tag="040" ind1=" " ind2=" ">
<subfield code="a">IUL</subfield>
<subfield code="b">eng</subfield>
<subfield code="c">IUL</subfield>
<subfield code="d">CGU</subfield>
<subfield code="d">OCLCG</subfield>
<subfield code="d">CUY</subfield>
<subfield code="d">IUL</subfield>
<subfield code="d">DLC</subfield>
<subfield code="d">OCLCA</subfield>
<subfield code="d">OCLCF</subfield>
<subfield code="d">OCLCQ</subfield>
<subfield code="d">OCLCO</subfield>
<subfield code="d">LWU</subfield>
<subfield code="d">OCLCO</subfield>
<subfield code="d">NNU</subfield>
</datafield>
<datafield tag="043" ind1=" " ind2=" ">
<subfield code="a">aw-----</subfield>
</datafield>
<datafield tag="050" ind1=" " ind2="4">
<subfield code="a">PJ7760.I26</subfield>
<subfield code="b">M95 1952</subfield>
</datafield>
<datafield tag="100" ind1="1" ind2=" ">
<subfield code="6">880-01</subfield>
<subfield code="a">Ibshīhī, Muḥammad ibn Aḥmad,</subfield>
<subfield code="d">1388-approximately 1446.</subfield>
</datafield>
<datafield tag="245" ind1="1" ind2="3">
<subfield code="6">880-02</subfield>
<subfield code="a">al-Mustaṭraf fī kull fann mustaẓraf /</subfield>
<subfield code="c">ta'līf Shihāb al-Dīn Muḥammad ibn Aḥmad Abī al-Fatḥ al-Ibshīhī al-Maḥallī. Wa-bi-al-hāmish Thamarāt al-awrāq fī al-muḥādarāt / li-Taqī al-Dīn Abī Bakr ibn ʻAlī ibn Muḥammad ībn Ḥijjah al-Ḥamawī al-Qādirī al-Ḥanafī. Wa-yalīhī dhaylān: 1) li-Ibn Ḥijjah al-Ḥamawī, 2) li-Muḥammad ibn Ibrāhīm al-Aḥdab.</subfield>
</datafield>
<datafield tag="250" ind1=" " ind2=" ">
<subfield code="6">880-03</subfield>
<subfield code="a">al-Ṭabʻah al-akhīrah.</subfield>
</datafield>
<datafield tag="260" ind1=" " ind2=" ">
<subfield code="6">880-04</subfield>
<subfield code="a">Miṣr :</subfield>
<subfield code="b">Sharikat, Maktabat wa-Maṭbaʻat Muṣṭafá al-Bābī al-Ḥalabī,</subfield>
<subfield code="c">1952.</subfield>
</datafield>
<datafield tag="300" ind1=" " ind2=" ">
<subfield code="a">2 v. in 1 ;</subfield>
<subfield code="c">29 cm.</subfield>
</datafield>
<datafield tag="336" ind1=" " ind2=" ">
<subfield code="a">text</subfield>
<subfield code="b">txt</subfield>
<subfield code="2">rdacontent</subfield>
</datafield>
<datafield tag="337" ind1=" " ind2=" ">
<subfield code="a">unmediated</subfield>
<subfield code="b">n</subfield>
<subfield code="2">rdamedia</subfield>
</datafield>
<datafield tag="338" ind1=" " ind2=" ">
<subfield code="a">volume</subfield>
<subfield code="b">nc</subfield>
<subfield code="2">rdacarrier</subfield>
</datafield>
<datafield tag="650" ind1=" " ind2="0">
<subfield code="a">Anecdotes</subfield>
<subfield code="z">Arab countries.</subfield>
</datafield>
<datafield tag="650" ind1=" " ind2="7">
<subfield code="a">Anecdotes.</subfield>
<subfield code="2">fast</subfield>
<subfield code="0">(OCoLC)fst00808608</subfield>
</datafield>
<datafield tag="651" ind1=" " ind2="7">
<subfield code="a">Arab countries.</subfield>
<subfield code="2">fast</subfield>
<subfield code="0">(OCoLC)fst01240128</subfield>
</datafield>
<datafield tag="700" ind1="1" ind2=" ">
<subfield code="6">880-05</subfield>
<subfield code="a">Aḥdab, Ibrāhīm,</subfield>
<subfield code="d">1826-1891.</subfield>
</datafield>
<datafield tag="700" ind1="1" ind2=" ">
<subfield code="6">880-06</subfield>
<subfield code="a">Ibn Ḥijjah al-Ḥamawī, Taqī al-Dīn Abū Bakr ibn ʻAlī,</subfield>
<subfield code="d">-1434.</subfield>
<subfield code="t">Thamarāt al-awrāq fī al-muḥāḍarāt.</subfield>
</datafield>
<datafield tag="776" ind1="0" ind2="8">
<subfield code="i">Online version:</subfield>
<subfield code="a">Ibshīhī, Muḥammad ibn Aḥmad, 1388-approximately 1446.</subfield>
<subfield code="t">Mustaṭraf fī kull fann mustaẓraf.</subfield>
<subfield code="b">al-Ṭabʻah al-akhīrah.</subfield>
<subfield code="d">Miṣr : Sharikat, Maktabat wa-Maṭbaʻat Muṣṭafá al-Bābī al-Ḥalabī, 1952</subfield>
<subfield code="w">(OCoLC)615321612</subfield>
</datafield>
<datafield tag="880" ind1="1" ind2=" ">
<subfield code="6">100-01/</subfield>
<subfield code="a">ابشيهي، محمد بن أحمد,</subfield>
<subfield code="d">‭1388-approximately 1446‬.</subfield>
</datafield>
<datafield tag="880" ind1="1" ind2="2">
<subfield code="6">245-02/</subfield>
<subfield code="a">المستطرف في كل فن مستظرف /</subfield>
<subfield code="c">تأليف شهاب الدين محمد بن أحمد أبي الفتح الابشيهي المحلي. وبالهامش ثمرات الأوراق في المحاضرات / لتقي الدين أبي بكر بن علي بن محمد بن حجة الحموي القادري الحنفي. ويليه ذيلان، ١ / لابن حجة الحموي، ٢ / لمحمد بن ابراهيم الأحدب.</subfield>
</datafield>
<datafield tag="880" ind1=" " ind2=" ">
<subfield code="6">250-03/</subfield>
<subfield code="a">الطبعة الأخيرة.</subfield>
</datafield>
<datafield tag="880" ind1=" " ind2=" ">
<subfield code="6">260-04/</subfield>
<subfield code="a">مصر :</subfield>
<subfield code="b">شركة مكتبة ومطبعة مصطفى البابي الحلبي،</subfield>
<subfield code="c">١٩٥٢.</subfield>
</datafield>
<datafield tag="880" ind1="1" ind2=" ">
<subfield code="6">700-05/</subfield>
<subfield code="a">احدب، ابراهيم,</subfield>
<subfield code="d">‭1826-1891‬.</subfield>
</datafield>
<datafield tag="880" ind1="1" ind2=" ">
<subfield code="6">700-06/</subfield>
<subfield code="a">ابن جحة الحموي، تقي الدين أبو بكر بن علي.</subfield>
<subfield code="t">ثمرات الأوراق في المحاضرات,</subfield>
<subfield code="d">‭-1434‬.</subfield>
</datafield>
<datafield tag="OWN" ind1=" " ind2=" ">
<subfield code="a">GENERAL</subfield>
</datafield>
<datafield tag="AVA" ind1=" " ind2=" ">
<subfield code="a">NYU50</subfield>
<subfield code="b">BOBST</subfield>
<subfield code="c">Main Collection</subfield>
<subfield code="d">PN6095.A7 I28 1952</subfield>
<subfield code="e">unavailable</subfield>
<subfield code="t">Unavailable</subfield>
<subfield code="f">1</subfield>
<subfield code="g">1</subfield>
<subfield code="h">N</subfield>
<subfield code="i">0</subfield>
<subfield code="j">MAIN</subfield>
<subfield code="k">0</subfield>
</datafield>
</record>
